@article{McSherry:2010,
 author = {McSherry, Frank},
 title = {Privacy Integrated Queries: An Extensible Platform for Privacy-preserving Data Analysis},
 journal = {Commun. ACM},
 issue_date = {September 2010},
 volume = {53},
 number = {9},
 month = sep,
 year = {2010},
 issn = {0001-0782},
 pages = {89--97},
 numpages = {9},
 url = {http://doi.acm.org/10.1145/1810891.1810916},
 doi = {10.1145/1810891.1810916},
 acmid = {1810916},
 publisher = {ACM},
 address = {New York, NY, USA},
} 
@article{Reed:2010,
 author = {Reed, Jason and Pierce, Benjamin C.},
 title = {Distance Makes the Types Grow Stronger: A Calculus for Differential Privacy},
 journal = {SIGPLAN Not.},
 issue_date = {September 2010},
 volume = {45},
 number = {9},
 month = sep,
 year = {2010},
 issn = {0362-1340},
 pages = {157--168},
 numpages = {12},
 url = {http://doi.acm.org/10.1145/1932681.1863568},
 doi = {10.1145/1932681.1863568},
 acmid = {1863568},
 publisher = {ACM},
 address = {New York, NY, USA},
 keywords = {differential privacy, type systems},
}
@article{Barthe:2016,
  author    = {Gilles Barthe and
               Gian Pietro Farina and
               Marco Gaboardi and
               Emilio Jes{\'{u}}s Gallego Arias and
               Andy Gordon and
               Justin Hsu and
               Pierre{-}Yves Strub},
  title     = {Differentially Private Bayesian Programming},
  journal   = {CoRR},
  volume    = {abs/1605.00283},
  year      = {2016},
  url       = {http://arxiv.org/abs/1605.00283},
  timestamp = {Wed, 01 Jun 2016 15:51:08 +0200},
  biburl    = {http://dblp.uni-trier.de/rec/bib/journals/corr/BartheFGAGHS16},
  bibsource = {dblp computer science bibliography, http://dblp.org}
}
@inproceedings{Knowles:2007,
 author = {Knowles, Kenneth and Flanagan, Cormac},
 title = {Type Reconstruction for General Refinement Types},
 booktitle = {Proceedings of the 16th European Symposium on Programming},
 series = {ESOP'07},
 year = {2007},
 isbn = {978-3-540-71314-2},
 location = {Braga, Portugal},
 pages = {505--519},
 numpages = {15},
 url = {http://dl.acm.org/citation.cfm?id=1762174.1762220},
 acmid = {1762220},
 publisher = {Springer-Verlag},
 address = {Berlin, Heidelberg},
}

@article{Barthe:2014,
 author = {Barthe, Gilles and Fournet, C{\'e}dric and Gr{\'e}goire, Benjamin and Strub, Pierre-Yves and Swamy, Nikhil and Zanella-B{\'e}guelin, Santiago},
 title = {Probabilistic Relational Verification for Cryptographic Implementations},
 journal = {SIGPLAN Not.},
 issue_date = {January 2014},
 volume = {49},
 number = {1},
 month = jan,
 year = {2014},
 issn = {0362-1340},
 pages = {193--205},
 numpages = {13},
 url = {http://doi.acm.org/10.1145/2578855.2535847},
 doi = {10.1145/2578855.2535847},
 acmid = {2535847},
 publisher = {ACM},
 address = {New York, NY, USA},
 keywords = {probabilistic programming, program logics},
} 
@inproceedings{Austin:2013,
 author = {Austin, Thomas H. and Yang, Jean and Flanagan, Cormac and Solar-Lezama, Armando},
 title = {Faceted Execution of Policy-agnostic Programs},
 booktitle = {Proceedings of the Eighth ACM SIGPLAN Workshop on Programming Languages and Analysis for Security},
 series = {PLAS '13},
 year = {2013},
 isbn = {978-1-4503-2144-0},
 location = {Seattle, Washington, USA},
 pages = {15--26},
 numpages = {12},
 url = {http://doi.acm.org/10.1145/2465106.2465121},
 doi = {10.1145/2465106.2465121},
 acmid = {2465121},
 publisher = {ACM},
 address = {New York, NY, USA},
 keywords = {language design, privacy, run-time system, security},
}
@article{Vazou:2014,
 author = {Vazou, Niki and Seidel, Eric L. and Jhala, Ranjit},
 title = {LiquidHaskell: Experience with Refinement Types in the Real World},
 journal = {SIGPLAN Not.},
 issue_date = {December 2014},
 volume = {49},
 number = {12},
 month = sep,
 year = {2014},
 issn = {0362-1340},
 pages = {39--51},
 numpages = {13},
 url = {http://doi.acm.org/10.1145/2775050.2633366},
 doi = {10.1145/2775050.2633366},
 acmid = {2633366},
 publisher = {ACM},
 address = {New York, NY, USA},
 keywords = {Haskell, refinement types, smt-based verification, verification},
} 

@inproceedings{Hay:2016,
 author = {Hay, Michael and Machanavajjhala, Ashwin and Miklau, Gerome and Chen, Yan and Zhang, Dan and Bissias, George},
 title = {Exploring Privacy-Accuracy Tradeoffs Using DPComp},
 booktitle = {Proceedings of the 2016 International Conference on Management of Data},
 series = {SIGMOD '16},
 year = {2016},
 isbn = {978-1-4503-3531-7},
 location = {San Francisco, California, USA},
 pages = {2101--2104},
 numpages = {4},
 url = {http://doi.acm.org/10.1145/2882903.2899387},
 doi = {10.1145/2882903.2899387},
 acmid = {2899387},
 publisher = {ACM},
 address = {New York, NY, USA},
 keywords = {algorithm evaluation, differential privacy, privacy},
}

@article{Johnson:2017,
  author    = {Noah M. Johnson and
               Joseph P. Near and
               Dawn Xiaodong Song},
  title     = {Practical Differential Privacy for {SQL} Queries Using Elastic Sensitivity},
  journal   = {CoRR},
  volume    = {abs/1706.09479},
  year      = {2017},
  url       = {http://arxiv.org/abs/1706.09479},
  timestamp = {Mon, 03 Jul 2017 13:29:02 +0200},
  biburl    = {http://dblp.uni-trier.de/rec/bib/journals/corr/JohnsonNS17},
  bibsource = {dblp computer science bibliography, http://dblp.org}
}

@article{Sampson:2014,
 author = {Sampson, Adrian and Panchekha, Pavel and Mytkowicz, Todd and McKinley, Kathryn S. and Grossman, Dan and Ceze, Luis},
 title = {Expressing and Verifying Probabilistic Assertions},
 journal = {SIGPLAN Not.},
 issue_date = {June 2014},
 volume = {49},
 number = {6},
 month = jun,
 year = {2014},
 issn = {0362-1340},
 pages = {112--122},
 numpages = {11},
 url = {http://doi.acm.org/10.1145/2666356.2594294},
 doi = {10.1145/2666356.2594294},
 acmid = {2594294},
 publisher = {ACM},
 address = {New York, NY, USA},
 keywords = {approximate computing, data obfuscation, differential privacy, probabilistic programming, sensors, symbolic execution},
} 
@article{Kucera:2017,
  author = {Kucera, Martin and Tsankov, Petar and Gehr, Timon and Guarnieri, Marco and Vechev, Martin},
  title = {SPIRE: Synthesis of Probabilistic Privacy Enforcement},
  journal = {ACM CCS},
  issue_date = {2017},
  year={2017}
}
@article{Narayanan:2006,
  author    = {Arvind Narayanan and
               Vitaly Shmatikov},
  title     = {How To Break Anonymity of the Netflix Prize Dataset},
  journal   = {CoRR},
  volume    = {abs/cs/0610105},
  year      = {2006},
  url       = {http://arxiv.org/abs/cs/0610105},
  timestamp = {Wed, 07 Jun 2017 14:42:47 +0200},
  biburl    = {http://dblp.org/rec/bib/journals/corr/abs-cs-0610105},
  bibsource = {dblp computer science bibliography, http://dblp.org}
}